@INPROCEEDINGS{rud-shpachenko:polarizers-on-sections-of-square-waveguides-with-inner-corner-ridges,
    author={Rud, L. A. and Shpachenko, K. S.},
    booktitle={2011 VIII International Conference on Antenna Theory and Techniques}, 
    title={Polarizers on sections of square waveguides with inner corner ridges}, 
    location={Kyiv, Ukraine}, 
    year={2011},
    volume={},
    number={},
    pages={338-340},
    keywords={Rectangular waveguides;Bandwidth;Phase shifters;Waveguide junctions;Optimization;Waveguide components;waveguide polarizer;waveguide of complex cross-section;square waveguide},
    doi={10.1109/ICATT.2011.6170775}
}

@INPROCEEDINGS{ruiz-cruz-et-al:compact-reconfigurable-waveguide-circular-polarizer,
    author={Ruiz-Cruz, Jorge A. and Fahmi, Mohamed M. and Daneshmand, Mojgan and Mansour, Raafat R.},
    booktitle={2011 IEEE MTT-S International Microwave Symposium}, 
    title={Compact reconfigurable waveguide circular polarizer}, 
    location={Baltimore, MD, USA}, 
    year={2011},
    volume={},
    number={},
    pages={1-4},
    keywords={Micromechanical devices;Switches;Actuators;Polarization;Waveguide transitions;Rectangular waveguides;Frequency measurement;Waveguide Polarizer;RF MEMS switches;Reconfigurable circular polarization},
    doi={10.1109/MWSYM.2011.5972872}
}

@INPROCEEDINGS{song-et-al:design-of-wideband-quad-ridge-waveguide-polarizer,
    author={Song, Huanyu and Jia, Leyu and Tan, Jing and Zhang, Yuchen and Liu, Shuangrong},
    booktitle={2023 4th China International SAR Symposium (CISS)}, 
    title={Design of Wideband Quad-Ridge Waveguide Polarizer}, 
    location={Xian, China}, 
    year={2023},
    volume={},
    number={},
    pages={1-6},
    keywords={Satellite antennas;Polarization;Metals;Bandwidth;Telescopes;Broadband communication;Reflection coefficient;antenna;circular polarizer;wideband;quad-ridge waveguide},
    doi={10.1109/CISS60136.2023.10379971}
}

@ARTICLE{virone-et-al:optimum-iris-set-concept-for-waveguide-polarizers,
    author={Virone, Giuseppe and Tascone, Riccardo and Peverini, Oscar Antonio and Orta, Renato},
    journal={IEEE Microwave and Wireless Components Letters}, 
    title={Optimum-Iris-Set Concept for Waveguide Polarizers}, 
    month={03}, 
    year={2007},
    volume={17},
    number={3},
    pages={202-204},
    keywords={Polarization;Waveguide discontinuities;Iris;Frequency;Waveguide components;Bandwidth;Feeds;Apertures;Geometry;Waveguide transitions;Antenna feed systems;dual polarization;waveguide components;waveguide discontinuities;waveguide polarizers},
    doi={10.1109/LMWC.2006.890474}
}

@INPROCEEDINGS{wang-et-al:novel-square-rectangle-waveguide-septum-polarizer,
    author={Wang, Xing and Huang, Xiaodong and Jin, Xiuhua},
    booktitle={2016 IEEE International Conference on Ubiquitous Wireless Broadband (ICUWB)}, 
    title={Novel square/rectangle waveguide septum polarizer}, 
    location={Nanjing, China}, 
    year={2016},
    volume={},
    number={},
    pages={1-4},
    keywords={Rectangular waveguides;Waveguide components;Ports (Computers);Performance evaluation;Insertion loss;Scattering parameters;Standards;Component;septum polarizer;waveguide polarizer;rectangle waveguide;square waveguide;circularly polarization},
    doi={10.1109/ICUWB.2016.7790510}
}

@ARTICLE{deutschmann-arne:broadband-septum-polarizer-with-triangular-common-port,
    author={Deutschmann, Björn and Jacob, Arne F.},
    journal={IEEE Transactions on Microwave Theory and Techniques}, 
    title={Broadband Septum Polarizer With Triangular Common Port}, 
    month={02}, 
    year={2020},
    volume={68},
    number={2},
    pages={693-700},
    keywords={Cutoff frequency;Broadband antennas;Broadband communication;Rectangular waveguides;Waveguide transitions;Microwave theory and techniques;Jacobian matrices;Additive manufacturing;circular polarization;dual polarization;orthomode transducers (OMT);septum polarizer;triangular waveguide},
    doi={10.1109/TMTT.2019.2951138}
}

@INPROCEEDINGS{piltyay-et-al:new-tunable-iris-post-square-waveguide-polarizers-for-satelliste-information-systems,
    author={Piltyay, Stepan and Bulashenko, Andrew and Kushnir, Hanna and Bulashenko, Oleksandr},
    booktitle={2020 IEEE 2nd International Conference on Advanced Trends in Information Theory (ATIT)}, 
    title={New Tunable Iris-Post Square Waveguide Polarizers for Satellite Information Systems}, 
    location={Kyiv, Ukraine}, 
    year={2020},
    volume={},
    number={},
    pages={342-348},
    keywords={Transmission line matrix methods;Satellites;Waveguide theory;Waveguide discontinuities;Telecommunications;Tuning;Information systems;microwave devices;waveguide polarizer;iris polarizer;iris-post polarizer;satellite information systems;differential phase shift;crosspolar discrimination;axial ratio},
    doi={10.1109/ATIT50783.2020.9349357}
}

@INPROCEEDINGS{bhardwaj-volakis:hexagonal-waveguides-new-class-of-waveguides-for-mmwave-circularly-polarized-horns,
    author={Bhardwaj, Shubhendu and Volakis, John},
    booktitle={2018 International Applied Computational Electromagnetics Society Symposium (ACES)}, 
    title={Hexagonal waveguides: New class of waveguides for mm-wave circulaly polarized horns}, 
    location={Denver, CO, USA}, 
    year={2018},
    volume={},
    number={},
    pages={1-2},
    keywords={Horn antennas;Bandwidth;Waveguide transitions;Broadband antennas;Waveguide components;Propagation constant;CP horn;EDM;fabrication;pattern measurements;sub-mm-wave;terahertz;WR-8},
    doi={10.23919/ROPACES.2018.8364165}
}

@ARTICLE{bhardwaj-volakis:hexagonal-waveguide-based-circularly-polarized-horn-antennas-for-submmwave-terahertz-band,
    author={Bhardwaj, Shubhendu and Volakis, John L.},
    journal={IEEE Transactions on Antennas and Propagation}, 
    title={Hexagonal Waveguide Based Circularly Polarized Horn Antennas for Sub-mm-Wave/Terahertz Band}, 
    month={07}, 
    year={2018},
    volume={66},
    number={7},
    pages={3366-3374},
    keywords={Bandwidth;Horn antennas;Optimization;Dispersion;Waveguide components;Shape;Polarization;Antenna measurement;circular polarization;high power;horn antenna;submillimeter wave;terahertz;WR-8},
    doi={10.1109/TAP.2018.2829842}
}

@INPROCEEDINGS{bhardwaj-volakis:circularly-polarized-horn-antennas-for-terahertz-communications-using-differential-mode-dispersion-in-hexagonal-waveguides,
    author={Bhardwaj, Shubhendu and Volakis, John L.},
    booktitle={2017 IEEE International Symposium on Antennas and Propagation & USNC/URSI National Radio Science Meeting}, 
    title={Circularly-polarized horn antennas for terahertz communication using differential-mode dispersion in hexagonal waveguides}, 
    location={San Diego, CA, USA}, 
    year={2017},
    volume={},
    number={},
    pages={2571-2572},
    keywords={Horn antennas;Fabrication;Gain;Waveguide components;Metals;Dispersion;Hollow waveguides;CP horns;sun-mm-wave antennas;terahertz antennas;hexagonal waveguide;mode dispersion},
    doi={10.1109/APUSNCURSINRSM.2017.8073328}
}

@ARTICLE{garcia-marin-masa-campos:bowtie-shaped-radiating-element-for-single-and-dual-circular-polarization,
    author={Garcia-Marin, Eduardo and Masa-Campos, José Luis and Sanchez-Olivares, Pablo and Ruiz-Cruz, Jorge A.},
    journal={IEEE Transactions on Antennas and Propagation}, 
    title={Bow-Tie-Shaped Radiating Element for Single and Dual Circular Polarization}, 
    month={02}, 
    year={2020},
    volume={68},
    number={2},
    pages={754-764},
    keywords={Antennas;Aperture antennas;bow-tie rotator;orthogonal polarizations},
    doi={10.1109/TAP.2019.2943357}
}

@ARTICLE{yu-et-al:a-wideband-circularly-polarized-horn-antenna-with-a-tapered-elliptical-waveguide-polarizer,
    author={Yu, Hai-Yang and Yu, Junsheng and Liu, Xiaoming and Yao, Yuan and Chen, Xiaodong},
    journal={IEEE Transactions on Antennas and Propagation}, 
    title={A Wideband Circularly Polarized Horn Antenna With a Tapered Elliptical Waveguide Polarizer}, 
    month={06}, 
    year={2019},
    volume={67},
    number={6},
    pages={3695-3703},
    keywords={Polarization;Antenna measurements;Horn antennas;Bandwidth;Broadband antennas;Circularly polarized horn;millimeter- and submillimeter-wave;tapered elliptical waveguide},
    doi={10.1109/TAP.2019.2905789}
}

@ARTICLE{sporer-et-al:a-24-ghz-dual-polarized-and-robust-dielectric-rod-antenna,
    author={Sporer, Michael and Weigel, Robert and Koelpin, Alexander},
    journal={IEEE Transactions on Antennas and Propagation}, 
    title={A 24 GHz Dual-Polarized and Robust Dielectric Rod Antenna}, 
    month={12}, 
    year={2017},
    volume={65},
    number={12},
    pages={6952-6959},
    keywords={Dielectrics;Feeds;Waveguide transitions;Wires;Electromagnetic waveguides;Microstrip;Antenna feeds;dielectric antennas;dielectric waveguides;directional antennas;polarization},
    doi={10.1109/TAP.2017.2764530}
}

@ARTICLE{karki-et-al:dual-polarized-probe-for-planar-near-field-measurement,
    author={Karki, Sabin Kumar and Ala-Laurinaho, Juha and Viikari, Ville},
    journal={IEEE Antennas and Wireless Propagation Letters}, 
    title={Dual-Polarized Probe for Planar Near-Field Measurement}, 
    month={03}, 
    year={2023},
    volume={22},
    number={3},
    pages={576-580},
    keywords={Transducers;Probes;Gratings;Couplings;Antenna measurements;Bandwidth;Reflection coefficient;3-D printing;conductive paint;dual-polarized;near-field;orthomode transducer;probe;square waveguide},
    doi={10.1109/LAWP.2022.3218731}
}

@ARTICLE{aboserwal-et-al:conical-horn-gain-and-amplitude-patterns,
    author={Aboserwal, Nafati A. and Balanis, Constantine A. and Birtcher, Craig R.},
    journal={IEEE Transactions on Antennas and Propagation}, 
    title={Conical Horn: Gain and Amplitude Patterns}, 
    month={07},
    year={2013},
    volume={61},
    number={7},
    pages={3427-3433},
    keywords={Apertures;Gain;Diffraction;Antenna radiation patterns;Optical waveguides;Horn antennas;Rectangular waveguides;Aperture amplitude and phase tapering;conical horn;gain;geometrical optics;loss factor;uniform theory of diffraction},
    doi={10.1109/TAP.2013.2256453}
}

@BOOK{balanis:advanced-engineering-electromagnetics,
    title={Advanced Engineering Electromagnetics},
    author={Balanis, C.A.},
    isbn={9781118213483},
    lccn={2011029122},
    url={https://books.google.com.tw/books?id=2eMbAAAAQBAJ},
    year={2012},
    publisher={Wiley}
}

@BOOK{griffiths:introduction-to-electrodynamics,
    title={Introduction to Electrodynamics},
    author={Griffiths, D.J.},
    isbn={9780139199608},
    lccn={98050525},
    series={Pearson international edition},
    url={https://books.google.com.tw/books?id=x0akQgAACAAJ},
    year={1999},
    publisher={Prentice Hall}
}

@BOOK{zangwill:modern-electrodynamics,
    title={Modern Electrodynamics},
    author={Zangwill, A.},
    isbn={9780521896979},
    lccn={2012035054},
    series={Modern Electrodynamics},
    url={https://books.google.com.tw/books?id=tEYSUegp9WYC},
    year={2013},
    publisher={Cambridge University Press}
}


@BOOK{oppenheim:signals-and-systems,
    title={Signals \& Systems},
    author={Oppenheim, A.V. and Willsky, A.S. and Nawab, S.H.},
    isbn={9780136511755},
    lccn={96019945},
    series={Prentice-Hall signal processing series},
    url={https://books.google.com.tw/books?id=O9ZHSAAACAAJ},
    year={1997},
    edition={2},
    publisher={Prentice-Hall International}
}

@book{titchmarsh:introduction-to-the-theory-of-fourier-integrals,
    title={Introduction to the Theory of Fourier Integrals},
    author={Titchmarsh, E.C.},
    isbn={9780608133492},
    lccn={38002166},
    url={https://books.google.com.tw/books?id=1BMIAQAAIAAJ},
    year={1948},
    publisher={Clarendon Press}
}

